<record><leader>00000cas a22000007a 4500</leader><controlfield tag="001">14279865</controlfield><controlfield tag="008">860929d19uu1984txuwr ne      0    0eng d</controlfield><datafield ind1=" " ind2=" " tag="010"><subfield code="a">sn 86089412 </subfield></datafield><datafield ind1=" " ind2=" " tag="040"><subfield code="a">PPM</subfield><subfield code="b">eng</subfield><subfield code="c">PPM</subfield><subfield code="d">TXJ</subfield><subfield code="d">OCLCQ</subfield><subfield code="d">OCLCO</subfield><subfield code="d">OCLCF</subfield></datafield><datafield ind1="1" ind2=" " tag="029"><subfield code="a">AU@</subfield><subfield code="b">000025840245</subfield></datafield><datafield ind1=" " ind2=" " tag="042"><subfield code="a">msc</subfield></datafield><datafield ind1=" " ind2=" " tag="043"><subfield code="a">n-us-tx</subfield></datafield><datafield ind1="0" ind2=" " tag="130"><subfield code="a">Fredericksburg standard (Fredericksburg, Tex.)</subfield></datafield><datafield ind1="1" ind2="0" tag="245"><subfield code="a">Fredericksburg standard.</subfield></datafield><datafield ind1=" " ind2=" " tag="260"><subfield code="a">Fredericksburg, Tex. :</subfield><subfield code="b">Fredericksburg Pub. Co.</subfield></datafield><datafield ind1=" " ind2=" " tag="300"><subfield code="a">v. :</subfield><subfield code="b">ill. ;</subfield><subfield code="c">56 cm.</subfield></datafield><datafield ind1=" " ind2=" " tag="310"><subfield code="a">Weekly</subfield></datafield><datafield ind1="0" ind2=" " tag="362"><subfield code="a">-78th year, no. 16 (Oct. 31, 1984).</subfield></datafield><datafield ind1=" " ind2=" " tag="580"><subfield code="a">Merged with: Radio post, to form: Fredericksburg standard and radio post.</subfield></datafield><datafield ind1=" " ind2=" " tag="588"><subfield code="a">Description based on: 5th year, no. 33 (Apr. 27, 1912).</subfield></datafield><datafield ind1=" " ind2="0" tag="651"><subfield code="a">Fredericksburg (Tex.)</subfield><subfield code="v">Newspapers.</subfield></datafield><datafield ind1=" " ind2="0" tag="651"><subfield code="a">Fredericksburg (Tex.)</subfield><subfield code="v">Periodicals.</subfield></datafield><datafield ind1=" " ind2="7" tag="655"><subfield code="a">Newspapers.</subfield><subfield code="2">fast</subfield><subfield code="0">(OCoLC)fst01423814</subfield></datafield><datafield ind1=" " ind2="7" tag="655"><subfield code="a">Periodicals.</subfield><subfield code="2">fast</subfield><subfield code="0">(OCoLC)fst01411641</subfield></datafield><datafield ind1=" " ind2="7" tag="651"><subfield code="a">Texas</subfield><subfield code="z">Fredericksburg.</subfield><subfield code="2">fast</subfield><subfield code="0">(OCoLC)fst01237177</subfield></datafield><datafield ind1=" " ind2=" " tag="752"><subfield code="a">United States</subfield><subfield code="b">Texas</subfield><subfield code="c">Gillespie</subfield><subfield code="d">Fredericksburg.</subfield></datafield><datafield ind1="1" ind2="7" tag="785"><subfield code="t">Radio post</subfield></datafield><datafield ind1="1" ind2="7" tag="785"><subfield code="t">Fredericksburg standard and radio post</subfield><subfield code="w">(DLC)sn 84002026</subfield></datafield></record>